@misc{Ch.1,
	howpublished = {\url{http://www.libpng.org/pub/png/book/chapter01.html} Accessed October 7, 2020},
	title = {Chapter 1. An Introduction to PNG},
	author = {libpng.org}
}

@misc{Ch.8,
	howpublished = {\url{http://www.libpng.org/pub/png/book/chapter08.html} Accessed October 7, 2020},
	title = {Chapter 8. PNG Basics},
	author = {libpng.org}
}

@misc{Ch.9,
	howpublished = {\url{http://www.libpng.org/pub/png/book/chapter09.html} Accessed October 7, 2020},
	title = {Chapter 9. Compression and Filtering},
	author = {libpng.org}
}
