@misc{visualgo.net,
	howpublished = {\url{https://visualgo.net/en/suffixtree} Accessed October 5, 2020},
	title = {VisuAlgo.net -- visualising data structures and algorithms through animation},
	author = {Dr Steven Halim and Dr Felix Halim}
}

@article{Ukkonen,
	title = {On–line construction of suffix trees},
	author = {Ukkonen, E.},
	journal = {Algorithmica},
	volume = {14},
	number = {249-260},
	year = {1995},
	doi = {10.1007/BF01206331}
}

@misc{UkkonenAlgo,
	howpublished = {\url{https://stackoverflow.com/questions/9452701/ukkonens-suffix-tree-algorithm-in-plain-english/9513423\#9513423} Accessed October 5, 2020},
	title = {Ukkonen's suffix tree algorithm in plain English},
	author = {jogojapan}
}

@misc{UkkonenAnimation,
	howpublished = {\url{http://brenden.github.io/ukkonen-animation/} Accessed October 5, 2020},
	title = {Visualization of Ukkonen's Algorithm},
	author = {brenden}
}

@misc{GeeksforGeeks,
	howpublished = {\url{https://www.geeksforgeeks.org/suffix-tree-application-6-longest-palindromic-substring/?ref=lbp} Accessed October 5, 2020},
	title = {Suffix Tree Application 6 – Longest Palindromic Substring},
	author = {GeeksforGeeks}
}
